@book{aier2007,
  title={Integrationstechnologien als Basis einer nachhaltigen Unternehmensarchitektur: Abh{\"a}ngigkeiten zwischen Organisation und Informationstechnologie},
  author={Aier, S.},
  isbn={9783936771947},
  series={Reihe Enterprise Architecture},
  url={http://books.google.de/books?id=\_xOHaAmSgZ4C},
  year={2007},
  publisher={Gito-Verlag}
}

@article{Offermann2008,
year={2008},
issn={0937-6429},
journal={WIRTSCHAFTSINFORMATIK},
volume={50},
number={6},
doi={10.1365/s11576-008-0094-1},
title={SOAM – Eine Methode zur Konzeption betrieblicher Software mit einer Serviceorientierten Architektur},
url={http://dx.doi.org/10.1365/s11576-008-0094-1},
publisher={SP Gabler Verlag},
keywords={SOA; Serviceorientierte Architektur; Service; Serviceorientierung; Methode; Analyse; Designprinzipien; SOA; service-oriented architecture; service-orientation; method; analysis; design},
author={Offermann, Philipp},
pages={461-471},
language={German}
}

@article{Kummer2012,
year={2012},
issn={0937-6429},
journal={WIRTSCHAFTSINFORMATIK},
volume={54},
number={6},
doi={10.1007/s11576-012-0340-4},
title={Die Bedeutung von nationaler Kultur für die Gestaltung von Informationssystemen},
url={http://dx.doi.org/10.1007/s11576-012-0340-4},
publisher={SP Gabler Verlag},
keywords={Nationale Kultur; Systemgestaltung; Sozio-technisches Systemdesign; Literaturanalyse; National culture; System design; Socio-technical system design; Literature review},
author={Kummer, Tyge-F. and Leimeister, JanMarco and Bick, Markus},
pages={303-318},
language={German}
}

@article{Hevner2004,
 author = {Hevner, Alan R. and March, Salvatore T. and Park, Jinsoo and Ram, Sudha},
 title = {Design Science in Information Systems Research},
 journal = {MIS Q.},
 issue_date = {March 2004},
 volume = {28},
 number = {1},
 month = mar,
 year = {2004},
 issn = {0276-7783},
 pages = {75--105},
 numpages = {31},
 url = {http://dl.acm.org/citation.cfm?id=2017212.2017217},
 acmid = {2017217},
 publisher = {Society for Information Management and The Management Information Systems Research Center},
 address = {Minneapolis, MN, USA},
 keywords = {business environment, creativity, design artifact, design science, experimental methods, information systems research methodologies, search strategies, technology infrastructure},
} 

@BOOK{abt1987,
  title = {Serious Games},
  publisher = {University Press of America},
  year = {1987},
  author = {Abt, Clark C.},
  month = may,
  abstract = {The author explores the ways in which games can be used to instruct
	and inform as well as provide pleasure. He uses innovative approaches
	to problem solving through individualized game techniques. Topics
	include: improving education with games; educational games for the
	physical and social sciences; games for the learning disadvantaged;
	games for occupational choice and training; games for planning and
	problem solving in government and industry; and the future of serious
	games. This book was originally published in 1970 by Viking Press.},
  isbn = {9780819161482},
  keywords = {Business \& Economics / Economics / General, Education / Experimental
	Methods, Mathematics / Game Theory, Psychology / Psychotherapy /
	Counseling, Technology \& Engineering / Operations Research},
  language = {en}
}

@BOOK{amberg2006,
  title = {{IT-Offshoring:} Management internationaler {IT-Outsourcing-Projekte}},
  publisher = {Physica-Verlag {HD}},
  year = {2006},
  author = {Amberg, Michael and Wiener, Martin},
  edition = {1},
  month = aug,
  isbn = {3790817325},
  shorttitle = {{IT-Offshoring}}
}

@BOOK{azad2007,
  title = {Computer Vision: Das Praxisbuch},
  publisher = {Elektor-Verlag},
  year = {2007},
  author = {Azad, Pedram and Gockel, Tilo and Dillmann, Rüdiger},
  edition = {1},
  month = jul,
  isbn = {3895761656},
  shorttitle = {Computer Vision}
}

@MISC{Bach2011,
  author = {Bach, Norbert ; Sterner, Madlen},
  title = {Implikationen neuroökonomischer Erkenntnisse für das Employer Branding},
  year = {2011},
  address = {Ilmenau},
  isbn = {978-3-940882-30-1},
  location = { / },
  pages = {Online-Ressource},
  publisher = {Universitätsbibliothek Ilmenau},
  series = {Ilmenauer Schriften zur Betriebswirtschaftslehre ; 2011,5},
  url = {http://www.db-thueringen.de/servlets/DocumentServlet?id=18666 ; http://d-nb.info/101362369X/34 ; http://nbn-resolving.de/urn:nbn:de:gbv:ilm1-2011200441}
}

@BOOK{bachle2010,
  title = {Einführung in die Wirtschaftsinformatik},
  publisher = {Oldenbourg Wissenschaftsverlag},
  year = {2010},
  author = {Bächle, Michael and Kolb, Arthur},
  edition = {aktualisierte und erweiterte Auflage},
  month = sep,
  isbn = {3486702416}
}

@BOOK{balzert2008,
  title = {Lehrbuch der Softwaretechnik: Softwaremanagement},
  publisher = {Spektrum Akademischer Verlag},
  year = {2008},
  author = {Balzert, Helmut},
  edition = {2. Aufl.},
  month = feb,
  isbn = {3827411610},
  shorttitle = {Lehrbuch der Softwaretechnik}
}

@BOOK{Beck2008,
  title = {Personalmarketing 2.0: vom employer branding zur recruiting},
  publisher = {Luchterhand},
  year = {2008},
  author = {Beck, Christoph},
  address = {Köln},
  isbn = {9783472071976 3472071974},
  language = {German},
  shorttitle = {Personalmarketing 2.0}
}

@BOOK{beck2006,
  title = {Englisch - Prüfungs- und Basiswissen},
  publisher = {Tandem-Verlag},
  year = {2006},
  author = {Beck, Dieter Götz, Thomas Herbst, Roland Zimmermann Rudolf},
  isbn = {3833103558}
}

@BOOK{becker2004,
  title = {Prozessmanagement},
  publisher = {Springer Berlin Heidelberg},
  year = {2004},
  author = {Becker, J. and Kugeler, M. and Rosemann, M.},
  edition = {5. Auflage}
}

@BOOK{beierle2008,
  title = {Methoden wissensbasierter Systeme: Grundlagen, Algorithmen, Anwendungen},
  publisher = {{Vieweg+Teubner}},
  year = {2008},
  author = {Beierle, Christoph and Kern-Isberner, Gabriele},
  edition = {4., verbesserte Auflage.},
  month = jun,
  isbn = {3834805041},
  shorttitle = {Methoden wissensbasierter Systeme}
}

@BOOK{benz2007,
  title = {Handbuch Governance: Theoretische Grundlagen und empirische Anwendungsfelder},
  publisher = {Springer {DE}},
  year = {2007},
  author = {Benz, Arthur and Lütz, Susanne and Schimank, Uwe and Simonis, Georg},
  month = jul,
  abstract = {Governance ist zu einem Schlüsselkonzept nicht nur der Politikwissenschaft
	geworden. Dieses Handbuch bietet einen umfassenden Zugang zu allen
	Grundlagen und Aspekten des Governancekonzepts.},
  isbn = {9783531147482},
  keywords = {Language Arts \& Disciplines / Communication Studies, Political Science
	/ General, Social Science / General, Social Science / Sociology /
	General},
  language = {de},
  shorttitle = {Handbuch Governance}
}

@BOOK{berciano2011,
  title = {Computer Analysis of Images and Patterns: 14th International Conference,
	{CAIP} 2011, Seville, Spain, August 29-31, 2011, Proceedings, Part
	{II}},
  publisher = {Springer Berlin Heidelberg},
  year = {2011},
  author = {Berciano, Ainhoa and Diaz-Pernil, Daniel and Kropatsch, Walter and
	Molina-Abril, Helena and Real, Pedro},
  edition = {1st Edition.},
  month = aug,
  isbn = {3642236774},
  shorttitle = {Computer Analysis of Images and Patterns}
}

@BOOK{boes2005,
  title = {Bangalore statt Böblingen?: Offshore-Outsourcing und Internationalisierung
	im {IT-Sektor}},
  publisher = {Vsa},
  year = {2005},
  author = {Boes, Andreas and Schwemmle, Michael},
  edition = {1.},
  month = may,
  isbn = {3899651030},
  shorttitle = {Bangalore statt Böblingen?}
}

@MISC{Bollwitt2010,
  author = {Bollwitt, Björn},
  title = {Herausforderung demographischer Wandel: Employer Branding als Chance
	für die Personalrekrutierung},
  year = {2010},
  address = {Hamburg},
  edition = {1. Auflage},
  isbn = {978-3-8366-3984-2},
  location = { / },
  pages = {Online-Ressource},
  publisher = {Diplomica Verlag GmbH},
  url = {http://www.wiso-net.de/webcgi?START=A60&DOKV%5FDB=DIPL,ADIP&DOKV%5FNO=9783836639842133&DOKV%5FHS=0&PP=1}
}

@BOOK{brugger2005,
  title = {{IT-Projekte} strukturiert realisieren: Situationen analysieren,
	Lösungen konzipieren - Vorgehen systematisieren, Sachverhalte visualisieren
	- {UML} und {EPKs} nutzen},
  publisher = {{Vieweg+Teubner} Verlag},
  year = {2005},
  author = {Brugger, Ralph},
  edition = {2., vollst. überarb. u. erw. Aufl. 2005},
  month = dec,
  isbn = {3834801186},
  shorttitle = {{IT-Projekte} strukturiert realisieren}
}

@BOOK{Buckesfeld2012,
  title = {Employer Branding Strategie für die Steigerung der Arbeitgeberattraktivität
	in {KMU}},
  publisher = {Diplomica-Verl.},
  year = {2012},
  author = {Buckesfeld, Yvonne},
  address = {Hamburg},
  isbn = {9783842873971 3842873972},
  language = {German}
}

@BOOK{Buckesfeld2010,
  title = {Employer branding: Strategie für die Steigerung der Arbeitgeberattraktivität
	in KMU},
  publisher = {Diplomica-Verl.},
  year = {2010},
  author = {Buckesfeld, Yvonne},
  pages = {VI, 142 S.},
  address = {Hamburg},
  note = {Literaturangaben},
  isbn = {978-3-8366-8729-4},
  location = {Bibliothek der Fachhochschule Mainz, Standort Campus / Freihand [Signatur:
	B 616/24 B]; Bibliothek der Fachhochschule Mainz, Standort Campus
	/ Freihand [Signatur: B 616/24 A];},
  url = {http://d-nb.info/999570773/04 ; http://deposit.d-nb.de/cgi-bin/dokserv?id=3415136&prov=M&dok_var=1&dok_ext=htm}
}

@BOOK{BfA2012,
  title = {Neue Wege zur Personalgewinnung},
  publisher = {Bonifazius Druck Buch},
  year = {2012},
  author = {{Bundesargentur für Arbeit (Hrsg.)}},
  address = {Paderborn},
  month = {March}
}

@BOOK{burger2009,
  title = {Principles of Digital Image Processing: Core Algorithms},
  publisher = {Springer London},
  year = {2009},
  author = {Burger, Wilhelm and Burge, Mark J.},
  edition = {1st Edition.},
  month = apr,
  isbn = {1848001940},
  shorttitle = {Principles of Digital Image Processing}
}

@BOOK{buxmann2011,
  title = {Die Softwareindustrie: Ökonomische Prinzipien, Strategien, Perspektiven},
  publisher = {Springer Berlin Heidelberg},
  year = {2011},
  author = {Buxmann, Peter and Diefenbach, Heiner and Hess, Thomas},
  edition = {2nd Edition.},
  month = apr,
  isbn = {3642133606},
  shorttitle = {Die Softwareindustrie}
}

@BOOK{carmel2005,
  title = {Offshoring Information Technology: Sourcing and Outsourcing to a
	Global Workforce},
  publisher = {Cambridge University Press},
  year = {2005},
  author = {Carmel, E. and Tjia, P.},
  month = may
}

@BOOK{chhabra2000,
  title = {Graphics Recognition. Recent Advances: Third International Workshop,
	{GREC'99} Jaipur, India, September 26-27, 1999 Selected Papers},
  publisher = {Springer Berlin Heidelberg},
  year = {2000},
  author = {Chhabra, Atul K. and Dori, Dov},
  edition = {1},
  month = oct,
  isbn = {3540412220},
  shorttitle = {Graphics Recognition. Recent Advances}
}

@BOOK{chisholm2004,
  title = {How to Build a Business Rule Engine},
  publisher = {San Francisco},
  year = {2004},
  author = {Chisholm, M.}
}

@BOOK{claus2006,
  title = {Duden Informatik A-Z. Fachlexikon für Studium, Ausbildung und Beruf},
  publisher = {Bibliographisches Institut und {F.A.} Brockhaus {AG}},
  year = {2006},
  author = {Claus, Dr Volker and Schwill, Dr Andreas},
  month = feb,
  isbn = {{341191016X}}
}

@TECHREPORT{Czajka2011,
  author = {Sebastian Czajka},
  title = {Internetnutzung in privaten Haushalten in Deutschland},
  institution = {Statistisches Bundesamt},
  year = {2011},
  address = {Wiesbaden},
  owner = {klun},
  timestamp = {2013.01.20}
}

@BOOK{Dahlhaus2009,
  title = {Investitions-Controlling in dezentralen Unternehmen Anreizsysteme
	als Instrument zur Verhaltenssteuerung im Investitionsprozess},
  publisher = {Gabler Verlag / {GWV} Fachverlage {GmbH}, Wiesbaden},
  year = {2009},
  author = {Dahlhaus, Caterina},
  address = {Wiesbaden},
  isbn = {9783834917164 3834917168 9783834994615 3834994618},
  language = {German}
}

@BOOK{date2000,
  title = {What Not How: Business Rules Approach to Application Development:
	The Business Rules Approach to Application Development},
  publisher = {Addison-Wesley Longman, Amsterdam},
  year = {2000},
  author = {Date, Chris J.},
  month = may,
  isbn = {0201708507},
  shorttitle = {What Not How}
}

@BOOK{davies2008,
  title = {{PONS} Typische Fehler auf einen Blick: Englisch},
  publisher = {{PONS} {GmbH}},
  year = {2008},
  author = {Davies, Rebecca},
  edition = {1. Auflage.},
  month = jun,
  isbn = {3125614775},
  shorttitle = {{PONS} Typische Fehler auf einen Blick}
}

@BOOK{dern2003,
  title = {Management von {IT-Architekturen.}},
  publisher = {Vieweg},
  year = {2003},
  author = {Dern, Gernot},
  month = jul,
  isbn = {3528058161}
}

@BOOK{DPK2012,
  title = {{Recruitment in Zeiten des Fachkräftemangels}},
  year = {2012},
  author = {{Der Personalkongress}},
  month = {October},
  urldate = {2013-01-09}
}

@BOOK{DGfP2012,
  title = {Employer Branding: die Arbeitgebermarke gestalten und im Personalmarketing
	umsetzen.},
  publisher = {Bertelsmann},
  year = {2012},
  author = {{Deutsche Gesellschaft für Personalführung}},
  address = {Bielefeld},
  isbn = {9783763938698 3763938699 9783763938704 3763938702},
  language = {German},
  shorttitle = {Employer Branding}
}

@BOOK{disterer2003,
  title = {Taschenbuch der Wirtschaftsinformatik},
  publisher = {Hanser Fachbuch},
  year = {2003},
  author = {Disterer, Georg and Fels, Friedrich and Hausotter, Andreas},
  edition = {2., neu bearbeitete Auflage},
  month = jan,
  isbn = {3446219730}
}

@BOOK{dulfer2008,
  title = {Internationales Management in unterschiedlichen Kulturbereichen},
  publisher = {Oldenbourg Wissenschaftsverlag},
  year = {2008},
  author = {Dülfer, Eberhard and Jöstingmeier, Bernd},
  edition = {vollständig überarbeitete Auflage},
  month = may,
  isbn = {3486579347}
}

@BOOK{elmasri2009,
  title = {Grundlagen von Datenbanksystemen},
  publisher = {Pearson Studium},
  year = {2009},
  author = {Elmasri, Ramez A. and Navathe, Shamkant B.},
  edition = {3. aktualisierte Auflage. Bachelorausgabe.},
  month = jan,
  isbn = {{386894012X}}
}

@BOOK{erhardt2008,
  title = {Einführung in die Digitale Bildverarbeitung: Grundlagen, Systeme
	und Anwendungen},
  publisher = {{Vieweg+Teubner} Verlag},
  author = {Erhardt, Angelika},
  edition = {2008},
  isbn = {{351900478X}},
  shorttitle = {Einführung in die Digitale Bildverarbeitung}
}

@BOOK{escalera2011,
  title = {Traffic-Sign Recognition Systems},
  publisher = {Springer London},
  year = {2011},
  author = {Escalera, Sergio and Baró, Xavier and Pujol, Oriol and Vitrià, Jordi
	and Radeva, Petia},
  edition = {2011},
  month = sep,
  isbn = {1447122445}
}

@BOOK{feurer2007,
  title = {Enterprise Architecture -- An Overview},
  publisher = {{SAP Deutschland AG \& Co. KG}},
  year = {2007},
  author = {Feurer, Sven},
  month = {April}
}

@BOOK{Feurer2007,
  title = {Enterprise Architecture -- An Overview},
  publisher = {{SAP Deutschland AG \& Co. KG}},
  year = {2007},
  author = {Feurer, Sven},
  month = {April}
}

@BOOK{Feurer2007a,
  title = {Enterprise Architecture -- An Overview},
  publisher = {{SAP Deutschland AG \& Co. KG}},
  year = {2007},
  author = {Feurer, Sven},
  month = {April}
}

@BOOK{foxley1993,
  title = {{UNIX} für Super- User},
  publisher = {Addison Wesley Verlag},
  year = {1993},
  author = {Foxley, Eric},
  edition = {Korr. Nachdruck.},
  month = apr,
  isbn = {3925118241}
}

@BOOK{Frenner2012,
  title = {Spielend bewerben: Recruiting Games im Kommen},
  year = {2012},
  author = {Frenner, Heike},
  month = {August},
  journal = {HR \& Employer Branding},
  urldate = {2013-01-09}
}

@CONFERENCE{Fuhlrott2010,
  author = {Rolf Fuhlrott and Ute Krauß-Leichert and Christoph-Hubert Schütte},
  title = {B.I.T.online – Innovativ},
  booktitle = {Serious Games für die Informations- und Wissensvermittlung},
  year = {2010},
  volume = {Band 28},
  address = {Wiesbaden},
  publisher = {Dinges \& Frick GmbH},
  owner = {klun},
  timestamp = {2013.01.21}
}

@BOOK{gadatsch2006,
  title = {{IT-Offshore} realisieren: Grundlagen und zentrale Begriffe, Entscheidungsprozess
	und Projektmanagement von {IT-Offshore-} und Nearshoreprojekten},
  publisher = {{Vieweg+Teubner} Verlag},
  year = {2006},
  author = {Gadatsch, Andreas},
  edition = {2006},
  month = oct,
  isbn = {3834802638},
  shorttitle = {{IT-Offshore} realisieren}
}

@BOOK{gadatsch2010,
  title = {Masterkurs {IT-Controlling:} Grundlagen und Praxis für {IT-Controller}
	und {CIOs} - Balanced Scorecard - Portfoliomanagement - Wertbeitrag
	der {IT} - {\textless}br{\textgreater} . . ... - {IT-Kosten-} und
	Leistungsrechnung},
  publisher = {{Vieweg+Teubner} Verlag},
  year = {2010},
  author = {Gadatsch, Andreas and Mayer, Elmar},
  edition = {4, erw. Aufl. 2010},
  month = jul,
  isbn = {3834813273},
  shorttitle = {Masterkurs {IT-Controlling}}
}

@ELECTRONIC{Gartner2012,
  author = {Gartner, Inc. and/or its Affiliates},
  year = {2012},
  url = {http://www.gartner.com},
  owner = {klun},
  timestamp = {2013.02.04}
}

@BOOK{gaulke2010,
  title = {Praxiswissen {COBIT} - Val {IT} - Risk {IT:} Grundlagen und praktische
	Anwendung für die {IT-Governance}},
  publisher = {dpunkt Verlag},
  year = {2010},
  author = {Gaulke, Markus},
  edition = {1. Auflage},
  month = jan,
  isbn = {3898646556},
  shorttitle = {Praxiswissen {COBIT} - Val {IT} - Risk {IT}}
}

@ELECTRONIC{Gopaladesikan2012,
  author = {Sudarshan Gopaladesikan},
  month = {November},
  year = {2012},
  title = {Following Gamification Through Gartner’s Hype Cycle},
  language = {english},
  organization = {Gamification},
  url = {http://www.gamification.co}
}

@BOOK{Greiner2012,
  title = {Recruitainment: Firmen suchen mit Onlinespielen Bewerber},
  year = {2012},
  author = {Lena Greiner and Verena Töpper},
  month = {Ausgust},
  journal = {Spiegel Online},
  urldate = {2013-01-09}
}

@BOOK{grohmann2004,
  title = {Informationsmanagement: Konzepte und Strategien für die Praxis},
  publisher = {Dpunkt Verlag},
  year = {2004},
  author = {Grohmann, Helmut, H.},
  edition = {1., Aufl.},
  month = apr,
  isbn = {{389864278X}},
  shorttitle = {Informationsmanagement}
}

@BOOK{grunder2004,
  title = {{IT-Outsourcing} in der Praxis {–Strategien}, Projektmanagement,
	Wirtschaftlichkeit},
  publisher = {{ESV}},
  year = {2004},
  author = {Gründer, T.},
  address = {Berlin}
}

@BOOK{gulbins1995,
  title = {{UNIX} System V.4: Begriffe, Konzepte, Kommandos, Schnittstellen},
  publisher = {Springer Berlin Heidelberg},
  year = {1995},
  author = {Gulbins, Jürgen and Obermayr, Karl},
  edition = {4., überarb. Aufl.},
  month = apr,
  isbn = {3540588647},
  shorttitle = {{UNIX} System V.4}
}

@BOOK{guting2004,
  title = {Datenstrukturen und Algorithmen},
  publisher = {{Vieweg+Teubner}},
  year = {2004},
  author = {Güting, Ralf Hartmut and Dieker, Stefan},
  edition = {3. A.},
  month = dec,
  isbn = {3519221217}
}

@ELECTRONIC{haberkorn2013,
  author = {Marcus Haberkorn},
  year = {2013},
  title = {Gamification},
  language = {german},
  organization = {gamification},
  address = {Trier},
  url = {www.gamification.de}
}

@ELECTRONIC{hahne2013,
  author = {Jens Hahne},
  month = {January},
  year = {2013},
  title = {Die Spielifizierung des Alltags},
  language = {german},
  organization = {wdr},
  url = {www.wdr.de}
}

@BOOK{Haitzer2011,
  title = {Bewerbermagnet 365 inspirierende Ideen, wie ihr Unternehmen Top-Bewerber
	magnetisch anzieht},
  publisher = {Quergeist},
  year = {2011},
  author = {Haitzer, Axel},
  address = {Neubeuern},
  isbn = {9783863080006 3863080009},
  language = {German}
}

@BOOK{hanschke2012,
  title = {Enterprise Architecture Management - einfach und effektiv: Ein praktischer
	Leitfaden für die Einführung von {EAM}},
  publisher = {Carl Hanser Verlag {GmbH} \& {CO.} {KG}},
  year = {2011},
  author = {Hanschke, Inge},
  month = nov,
  isbn = {3446426949},
  shorttitle = {Enterprise Architecture Management - einfach und effektiv}
}

@BOOK{hansen2005,
  title = {Wirtschaftsinformatik 2},
  publisher = {{UTB}, Stuttgart},
  year = {2005},
  author = {Hansen, Hans Robert and Neumann, Gustaf},
  edition = {9. überarbeitete Auflage.},
  month = apr,
  isbn = {3825226700}
}

@BOOK{heinrich2001,
  title = {Informationsmanagement},
  publisher = {Oldenbourg Wissenschaftsverlag},
  year = {2001},
  author = {Heinrich, L. J.},
  edition = {7. Auflage}
}

@BOOK{henrichs2008,
  title = {Englische Grammatik: Die Zeiten, Aktiv und Passiv, Hilfsverben, Indirekte
	Rede, Infinitiv und Gerundium, Partizip, If-Sätze, Nomen (Plural,
	Genitiv), ... Präpositionen, Konjunktionen, Wortstellung},
  publisher = {Bassermann Verlag},
  year = {2008},
  author = {Henrichs, Ellen},
  edition = {12},
  month = jun,
  isbn = {3809416746},
  shorttitle = {Englische Grammatik}
}

@ARTICLE{Heuse2013,
  author = {Marc Heuse},
  title = {App hackt Flugzeug},
  journal = {heise Security},
  year = {2013},
  volume = {KW15},
  month = {April},
  timestamp = {2013.07.08},
  url = {http://www.heise.de/security/meldung/App-hackt-Flugzeug-1839781.html}
}

@BOOK{hirschheim2009,
  title = {Information Systems Outsourcing: Enduring Themes, Global Challenges,
	and Process Opportunities [ {INFORMATION} {SYSTEMS} {OUTSOURCING:}
	{ENDURING} {THEMES}, {GLOBAL} {CHALLENGES}, {AND} {PROCESS} {OPPORTUNITIES}
	] by Hirschheim, Rudy (Author) May-11-2009 [ Hardcover ]},
  publisher = {Springer},
  year = {2009},
  author = {Hirschheim, Rudy},
  month = may,
  shorttitle = {Information Systems Outsourcing}
}

@BOOK{hirschheim2002,
  title = {Information Systems Outsourcing: Enduring Themes, Emergent Patterns
	and Future Directions},
  publisher = {Springer Berlin Heidelberg},
  year = {2002},
  author = {Hirschheim, Rudy and Heinzl, Armin and Dibbern, Jens},
  edition = {1},
  month = mar,
  isbn = {3540431039},
  shorttitle = {Information Systems Outsourcing}
}

@BOOK{hofmann2007,
  title = {Masterkurs {IT-Management}},
  publisher = {{Vieweg+Teubner}},
  year = {2007},
  author = {Hofmann, Jürgen and Schmidt, Werner},
  edition = {1},
  month = jul,
  isbn = {3528058811}
}

@BOOK{hohmann1999,
  title = {Geschäftsprozesse und integrierte Anwendungssysteme},
  publisher = {Fortis {FH}},
  year = {1999},
  author = {Hohmann, P.},
  address = {Köln}
}

@BOOK{holey2007,
  title = {Wirtschaftsinformatik},
  publisher = {Kiehl},
  year = {2007},
  author = {Holey, Thomas and Welter, Günter and Wiedemann, Armin},
  edition = {2., überarb. u. erw. Aufl.},
  month = oct,
  isbn = {{347052792X}}
}

@BOOK{Hoppen2007,
  title = {Berücksichtigung von nichtmonetären Anreizen in verschiedenen Motivationstheorien},
  publisher = {{GRIN} Verlag {GmbH}},
  year = {2007},
  author = {Hoppen, Boris},
  address = {München},
  isbn = {9783638641982 3638641988},
  language = {German},
  urldate = {2013-08-30}
}

@BOOK{HRnetworx2012,
  title = {Trendthema: Recruitinggames},
  year = {2012},
  author = {HRnetworx},
  month = {August},
  journal = {HRnetworx},
  urldate = {2013-01-09}
}

@BOOK{HRnetworx2012_2,
  title = {Experteninterview: Recruiting Games},
  year = {2012},
  author = {HRnetworx},
  month = {August},
  journal = {HRnetworx},
  urldate = {2013-01-09}
}

@ARTICLE{Huelsboemer2012,
  author = {Simon Hülsbömer},
  title = {Gartner stellt neuen Hype Cycle vor},
  journal = {Emerging Technologies 2012},
  year = {2012},
  month = {August},
  owner = {klun},
  timestamp = {2013.02.04}
}

@BOOK{hutzschenreuter2007,
  title = {Offshoring von Zentralbereichen: Von den Erfahrungen deutscher und
	amerikanischer Unternehmen lernen},
  publisher = {Springer Berlin Heidelberg},
  year = {2007},
  author = {Hutzschenreuter, Thomas and Dresel, Stephan and Ressler, Wolfgang},
  edition = {1},
  month = sep,
  isbn = {3540719342},
  shorttitle = {Offshoring von Zentralbereichen}
}

@BOOK{IGI2008,
  title = {Cobit 4.1},
  publisher = {IT Governance Institute},
  year = {2008},
  author = {IT Governance Institute}
}

@ELECTRONIC{Iwanetz2011,
  author = {Robert Iwanetz},
  month = {July},
  year = {2011},
  title = {Weil wir alle Spielkinder sind},
  language = {german},
  organization = {taz},
  url = {www.taz.de}
}

@BOOK{jahne1995,
  title = {Technische Bildverarbeitung - Maschinelles Sehen},
  publisher = {Springer Berlin Heidelberg},
  year = {1995},
  author = {Jähne, Bernd and Massen, Robert and Nickolay, Bertram and Scharfenberg,
	Harald},
  edition = {1},
  month = oct,
  isbn = {3540586415}
}

@BOOK{Johannsen2011,
  title = {{Referenzmodelle für IT-Governance. Strategische Effektivität und
	Effizienz mit COBIT, ITIL \& Co. 1. Auflage}},
  publisher = {dpunkt.verlag},
  year = {2011},
  author = {Johannsen, W., Goeken, M.},
  address = {Heidelberg}
}

@BOOK{josuttis2008,
  title = {{SOA} in der Praxis: System-Design für verteilte Geschäftsprozesse},
  publisher = {Dpunkt Verlag},
  year = {2008},
  author = {Josuttis, Nicolai},
  edition = {1., Aufl.},
  month = jan,
  isbn = {3898644766},
  shorttitle = {{SOA} in der Praxis}
}

@BOOK{Jung2011,
  title = {Personalwirtschaft},
  publisher = {Oldenbourg},
  year = {2011},
  author = {Jung, Hans},
  address = {München},
  isbn = {9783486596656 3486596659},
  language = {German}
}

@BOOK{keller2012,
  title = {{IT-Unternehmensarchitektur:} Von der Geschäftsstrategie zur optimalen
	{IT-Unterstützung}},
  publisher = {dpunkt.verlag {GmbH}},
  year = {2012},
  author = {Keller, Wolfgang},
  edition = {2., überarb. u. erw. Aufl.},
  month = feb,
  isbn = {3898647684},
  shorttitle = {{IT-Unternehmensarchitektur}}
}

@BOOK{kemper2010,
  title = {Business Intelligence - Grundlagen und praktische Anwendungen: Eine
	Einführung in die {IT-basierte} Managementunterstützung. Mit Online-Service},
  publisher = {{Vieweg+Teubner}},
  year = {2010},
  author = {Kemper, Hans-Georg and Baars, Henning and Mehanna, Walid},
  edition = {3., überarbeitete und erweiterte Auflage.},
  month = jul,
  isbn = {3834807192},
  shorttitle = {Business Intelligence - Grundlagen und praktische Anwendungen}
}

@BOOK{kernighan1986,
  title = {{UNIX-Werkzeugkasten:} Programmieren mit {UNIX}},
  publisher = {Hanser Fachbuch},
  year = {1986},
  author = {Kernighan, Brian W. and Pike, Rob},
  month = dec,
  isbn = {3446142738},
  shorttitle = {{UNIX-Werkzeugkasten}}
}

@BOOK{Knapp2010,
  title = {Rekrutierungsmanagement: erfolgreiche Mitarbeitergewinnung für Unternehmen},
  publisher = {Erich Schmidt},
  year = {2010},
  author = {Knapp, Eckhard},
  address = {Berlin},
  isbn = {9783503120949 3503120947},
  language = {German},
  shorttitle = {Rekrutierungsmanagement}
}

@BOOK{knoche2002,
  title = {Stochastik 1. Beschreibende Statistik und Wahrscheinlichkeitstheorie.
	(11. bis 13. Schuljahr). Mathematik},
  publisher = {Bibliographisches Institut, Mannheim},
  year = {2002},
  author = {Knoche, Ingrid and Knoche, Norbert and Krallmann, Marion and Krallmann,
	Bernd},
  edition = {2. A.},
  isbn = {3411701536}
}

@BOOK{kotulla2007,
  title = {Keine Tiger in Indien},
  publisher = {local global {GmbH}},
  year = {2007},
  author = {Kotulla, Andreas},
  edition = {1},
  month = may,
  isbn = {3981015681}
}

@BOOK{krcmar2009,
  title = {Informationsmanagement},
  publisher = {Springer Berlin Heidelberg},
  year = {2009},
  author = {Krcmar, Helmut},
  edition = {5. vollst. überarb. u. erw. Aufl.},
  month = oct,
  isbn = {3642042856},
  keywords = {Business \& Economics / Information Management, Business \& Economics
	/ Management, Computers / Information Technology, Computers / Internet
	/ Application Development, Computers / Management Information Systems,
	Computers / System Administration / Storage \& Retrieval}
}

@BOOK{Kriegler2012,
  title = {Praxishandbuch Employer-Branding : mit starker Marke zum attraktiven
	Arbeitgeber werden},
  publisher = {Haufe-Gruppe},
  year = {2012},
  author = {Kriegler, Wolf Reiner},
  pages = {439 S.},
  address = {Freiburg, Br. [u.a.]},
  edition = {1. Aufl.},
  note = {LiteraturangabenZusätzliches Online-Angebot unter www.haufe.de/arbeitshilfen},
  isbn = {978-3-648-03116-2 ; 3-648-03116-3},
  keywords = {Personalmarketing / Markenpolitik},
  location = {Bibliothek der Fachhochschule Mainz, Standort Campus / Freihand [Signatur:
	B 616/50 B]; Bibliothek der Fachhochschule Mainz, Standort Campus
	/ Freihand [Signatur: B 616/50 A];},
  url = {http://d-nb.info/1020682345/04}
}

@BOOK{Kringiel2006,
  title = {Schluss mit lustig},
  year = {2006},
  author = {Danny Kringiel},
  month = {October},
  journal = {geemag.de},
  urldate = {2013-01-09}
}

@BOOK{kurbel2008,
  title = {The Making of Information Systems: Software Engineering and Management
	in a Globalized World},
  publisher = {Springer Berlin Heidelberg},
  year = {2008},
  author = {Kurbel, Karl Eugen},
  edition = {1},
  month = may,
  isbn = {3540792600},
  shorttitle = {The Making of Information Systems}
}

@BOOK{kutz2010,
  title = {Kennzahlen in der {IT:} Werkzeuge für Controlling und Management},
  publisher = {Dpunkt Verlag},
  year = {2010},
  author = {Kütz, Martin},
  edition = {4., überarbeitete und erweiterte Auflage.},
  month = dec,
  isbn = {{389864703X}},
  shorttitle = {Kennzahlen in der {IT}}
}

@BOOK{lacity2000,
  title = {Global Information Technology Outsourcing: In Search of Business
	Advantage},
  publisher = {John Wiley \& Sons},
  year = {2000},
  author = {Lacity, Mary C. and Willcocks, Leslie P.},
  edition = {1. Auflage},
  month = nov,
  isbn = {0471899593},
  shorttitle = {Global Information Technology Outsourcing}
}

@BOOK{laudon2009,
  title = {Wirtschaftsinformatik: Eine Einführung},
  publisher = {Pearson Studium},
  year = {2009},
  author = {Laudon, Kenneth C. and Laudon, Jane P. and Schoder, Detlef},
  edition = {2., aktualisierte Auflage.},
  month = nov,
  isbn = {3827373484},
  shorttitle = {Wirtschaftsinformatik}
}

@BOOK{Leidinger2012,
  title = {Recruiting: Wenn Unternehmen zum Spiel laden},
  year = {2012},
  author = {Leidinger, Jürgen},
  month = {August},
  journal = {Die Presse},
  urldate = {2013-01-09}
}

@BOOK{levine2006,
  title = {{UNIX} für Dummies: Mit vielen guten {UNIX-Tricks} schad' ja nix!},
  publisher = {Wiley-{VCH} Verlag {GmbH} \& Co. {KGaA}},
  year = {2006},
  author = {Levine, John R. and Young, Margaret Levine},
  edition = {3. aktualisierte Auflage},
  month = apr,
  isbn = {3527702652},
  shorttitle = {{UNIX} für Dummies}
}

@BOOK{lintermann2010,
  title = {Basiswissen {IT-Berufe}, {EURO}, Einfache {IT-Systeme:} Lehr-{/Fachbuch}},
  publisher = {Bildungsverlag {EINS}},
  year = {2010},
  author = {Lintermann, Franz-Josef and Schaefer, Udo and Schulte-Göcking, Walter
	and Göcking, Walter Schulte-},
  edition = {6.},
  month = sep,
  isbn = {3823711407},
  shorttitle = {Basiswissen {IT-Berufe}, {EURO}, Einfache {IT-Systeme}}
}

@BOOK{lockle-gotz2003,
  title = {{PONS} Grammatik auf einen Blick. Englisch},
  publisher = {{PONS} {GmbH}},
  year = {2003},
  author = {Löckle-Götz, Corinna and {McBride}, Sheila},
  month = sep,
  isbn = {3125607027}
}

@BOOK{Loffing2010,
  title = {Mitarbeiterbindung ist lernbar: Praxiswissen für Führungskräfte in
	Gesundheitsfachberufen},
  publisher = {Springer Berlin},
  year = {2010},
  author = {Loffing, Dina},
  address = {Berlin},
  isbn = {9783642051241 3642051243},
  language = {German},
  shorttitle = {Mitarbeiterbindung ist lernbar}
}

@BOOK{looft2010,
  title = {Serious Games: Märkte, Produzenten, Trends},
  publisher = {Exozet Berlin},
  year = {2010},
  author = {Looft, H.}
}

@BOOK{lux1997,
  title = {Organisation der Datenverarbeitung – Von der Idee zur Umsetzung},
  publisher = {Springer},
  year = {1997},
  author = {Lux, W. and Schön, P.}
}

@BOOK{lynch2011,
  title = {Strategic Management},
  publisher = {Financial Times Prentice Hall},
  year = {2011},
  author = {Lynch, Richard},
  edition = {6th Revised edition},
  month = dec,
  isbn = {0273750925}
}

@BOOK{mallot2000,
  title = {Sehen und die Verarbeitung visueller Information: Eine Einführung},
  publisher = {Vieweg Verlagsgesellschaft},
  year = {2000},
  author = {Mallot, Hanspeter A. and Bibel, Wolfgang and Kruse, Rudolf and Nebel,
	Bernhard},
  edition = {2., überarb. und erw. Aufl. 2000},
  month = feb,
  isbn = {3528156597},
  shorttitle = {Sehen und die Verarbeitung visueller Information}
}

@BOOK{mangold2008,
  title = {{IT-Projektmanagement} kompakt},
  publisher = {Spektrum Akademischer Verlag},
  year = {2008},
  author = {Mangold, Pascal},
  edition = {3. Aufl. 2009. Korr. Nachdruck},
  month = oct,
  isbn = {3827419379}
}

@BOOK{marr2010,
  title = {Serious Games für die Informations- und Wissensvermittlung},
  publisher = {Dinges \& Frick},
  year = {2010},
  author = {Marr, Ann Christine},
  isbn = {9783934997318},
  lccn = {2008054273}
}

@BOOK{masak2006,
  title = {{IT-Alignment:} {IT-Architektur} und Organisation},
  publisher = {Springer},
  year = {2006},
  author = {Masak, Dieter},
  edition = {2006},
  month = jul,
  isbn = {{354031153X}},
  shorttitle = {{IT-Alignment}}
}

@ARTICLE{maslow1989,
  author = {Maslow, Abraham H},
  title = {A theory of human motivation},
  journal = {Readings in managerial psychology},
  year = {1989},
  pages = {20},
  publisher = {University Of Chicago Press}
}

@BOOK{matthes2011,
  title = {Enterprise Architecture Frameworks Kompendium: Über 50 Rahmenwerke
	für das {IT-Management}},
  publisher = {Springer},
  year = {2011},
  author = {Matthes, Dirk},
  edition = {2011},
  month = mar,
  isbn = {3642129544},
  shorttitle = {Enterprise Architecture Frameworks Kompendium}
}

@BOOK{mertens2010,
  title = {Grundzüge der Wirtschaftsinformatik},
  publisher = {Springer Berlin Heidelberg},
  year = {2010},
  author = {Mertens, Peter and Bodendorf, Freimut and König, Wolfgang and Schumann,
	Matthias and Hess, Thomas},
  edition = {10., vollständig überarb. Aufl.},
  month = aug,
  isbn = {3642147267}
}

@BOOK{Meyer2003,
  title = {IT-Governance: Begriff, Status quo und Bedeutung},
  publisher = {Wirtschaftsinformatik 45},
  year = {2003},
  author = {Meyer, M., et al.}
}

@BOOK{muller2008,
  title = {{IT} für Manager: Mit geschäftszentrierter {IT} zu Innovation, Transparenz
	und Effizienz},
  publisher = {{Vieweg+Teubner} Verlag},
  year = {2008},
  author = {Müller, Klaus-Rainer and Neidhöfer, Gerhard},
  edition = {2008},
  month = apr,
  isbn = {3834804819},
  shorttitle = {{IT} für Manager}
}

@BOOK{nicklisch2006,
  title = {Outsourcing –der ({Irr)Weg}},
  publisher = {{DataKontext} - Fachverlag},
  year = {2006},
  author = {Nicklisch, G.},
  address = {Frechen}
}

@BOOK{nicklisch2008,
  title = {{IT-Near-} und Offshoring in der Praxis, Erfahrungen und Lösungen},
  publisher = {dpunkt Verlag},
  year = {2008},
  author = {Nicklisch, Gerd and Borchers, Jens and Krick, Ronald and Rucks, Rainer},
  edition = {1},
  month = jul,
  isbn = {3898645339}
}

@BOOK{nieland2004,
  title = {Wirtschaftsinformatik},
  publisher = {Oldenbourg Wissenschaftsverlag},
  year = {2004},
  author = {Nieland, S. and Baeumle-Courth, P. and Schröder, H.},
  month = mar,
  isbn = {3486276085}
}

@BOOK{niemann2005,
  title = {Von der Unternehmensarchitektur zur IT-Governance},
  publisher = {Vieweg Verlagsgesellschaft},
  year = {2005},
  author = {Niemann, Klaus D.},
  address = {Wiesbaden}
}

@BOOK{nischwitz2011,
  title = {Computergrafik und Bildverarbeitung: Band I: Computergrafik: 1},
  publisher = {{Vieweg+Teubner} Verlag},
  year = {2011},
  author = {Nischwitz, Alfred and Fischer, Max and Haberäcker, Peter and Socher,
	Gudrun},
  edition = {3., neu bearb. Aufl. 2012},
  month = sep,
  isbn = {3834813044},
  shorttitle = {Computergrafik und Bildverarbeitung}
}

@BOOK{nischwitz2011-1,
  title = {Computergrafik und Bildverarbeitung: Band {II:} Bildverarbeitung:
	2},
  publisher = {{Vieweg+Teubner} Verlag},
  year = {2011},
  author = {Nischwitz, Alfred and Fischer, Max and Haberäcker, Peter and Socher,
	Gudrun},
  edition = {3., neu bearb. Aufl. 2011},
  month = sep,
  isbn = {3834817120},
  shorttitle = {Computergrafik und Bildverarbeitung}
}

@BOOK{nischwitz2004,
  title = {Masterkurs Computergrafik und Bildverarbeitung: Alles für Studium
	und Praxis - Bildverarbeitungswerkzeuge, Beispiel-Software und interaktive
	Vorlesungen online verfügbar{\textless}br{\textgreater}},
  publisher = {{Vieweg+Teubner} Verlag},
  year = {2004},
  author = {Nischwitz, Alfred and Haberäcker, Peter},
  edition = {2004},
  month = jul,
  isbn = {3528058749},
  shorttitle = {Masterkurs Computergrafik und Bildverarbeitung}
}

@BOOK{nitzsche2006,
  title = {Business-Spielregeln rund um den Globus},
  publisher = {Bw Verlag},
  year = {2006},
  author = {Nitzsche, Isabel},
  edition = {2., aktualis. A.},
  month = sep,
  isbn = {3821476605}
}

@ELECTRONIC{Nocun2013,
  author = {Katharina Nocun},
  month = {April},
  year = {2013},
  title = {Gamification: Spielerische Lebensoptimierung per App},
  language = {german},
  organization = {netzwelt},
  url = {http://www.netzwelt.de}
}

@BOOK{oestereich2007,
  title = {{APM} - Agiles Projektmanagement: Erfolgreiches Timeboxing für {IT-Projekte}},
  publisher = {dpunkt.verlag},
  year = {2007},
  author = {Oestereich, Bernd and Weiss, Christian},
  edition = {1},
  month = nov,
  isbn = {3898643867},
  shorttitle = {{APM} - Agiles Projektmanagement}
}

@BOOK{osterwalder2011,
  title = {Business Model Generation: Ein Handbuch für Visionäre, Spielveränderer
	und Herausforderer},
  publisher = {Campus Verlag},
  year = {2011},
  author = {Osterwalder, Alexander and Pigneur, Yves},
  edition = {1},
  month = aug,
  isbn = {{359339474X}},
  shorttitle = {Business Model Generation}
}

@BOOK{peek2002,
  title = {{UNIX}, Ein praktischer Einstieg},
  publisher = {{O'Reilly}},
  year = {2002},
  author = {Peek, Jerry and Todino, Grace and Strang, John},
  edition = {3},
  isbn = {3897211572}
}

@BOOK{Pepels2001,
  title = {Einführung in das Distributionsmanagement},
  publisher = {Oldenbourg},
  year = {2001},
  author = {Pepels, Werner},
  address = {München; Wien},
  isbn = {3486257366 9783486257366},
  language = {German}
}

@BOOK{piefke-wagner2009,
  title = {{PONS} Praxis-Grammatik Englisch: Das große Lern- und Übungswerk
	mit Grammatiktrainer auf {CD-ROM}},
  publisher = {{PONS} {GmbH}},
  year = {2009},
  author = {Piefke-Wagner, Birgit},
  edition = {2},
  month = aug,
  isbn = {3125615356},
  shorttitle = {{PONS} Praxis-Grammatik Englisch}
}

@BOOK{pietsch2004,
  title = {Strategisches Informationsmanagement},
  publisher = {{ESV}},
  year = {2004},
  author = {Pietsch, T. and Martiny, L. and Klotz, M.},
  address = {Berlin}
}

@BOOK{pitas2000,
  title = {Digital Image Processing Algorithms and Applications},
  publisher = {John Wiley \& Sons},
  year = {2000},
  author = {Pitas, Ioannis},
  edition = {1. Auflage},
  month = mar,
  isbn = {0471377392}
}

@BOOK{renner2006,
  title = {{IT-Service-Management.} Transparente {IT-Leistungen} \& Messbare
	Qualität},
  publisher = {{BPX} Edition},
  year = {2006},
  author = {Renner, Bernhard and Moser, Ulrich and Schmid, Daniel},
  edition = {1},
  month = mar,
  isbn = {3905413116}
}

@BOOK{renninger2010,
  title = {Masterkurs {IT-Management:} Grundlagen, Umsetzung und erfolgreiche
	Praxis für Studenten und Praktiker: Das Wissen für die erfolgreiche
	Praxis - ... Umsetzung - Für Studenten und Praktiker},
  publisher = {{Vieweg+Teubner} Verlag},
  year = {2010},
  author = {Renninger, Wolfgang and Toufar, Oliver and Doyé, Thomas},
  edition = {2., akt. und erw. Aufl. 2010},
  month = mar,
  isbn = {3834808423},
  shorttitle = {Masterkurs {IT-Management}}
}

@BOOK{ritterfeld2009,
  title = {Serious Games: Mechanisms and Effects},
  publisher = {Routledge},
  year = {2009},
  author = {Ritterfeld, U. and Cody, M.J. and Vorderer, P.},
  isbn = {9780415993692},
  lccn = {2008054273}
}

@BOOK{Rohrlack2012,
  title = {Personalbeschaffung - kompakt!},
  publisher = {Hampp},
  year = {2012},
  author = {Rohrlack, Kirsten},
  address = {München; Mering},
  isbn = {9783866188068 3866188064 9783866189065 3866189060},
  language = {German}
}

@MISC{Roj2013,
  author = {Manuel Roj},
  title = {Die Relevanz der Markenarchitektur für das Employer Branding : Eine
	verhaltenstheoretisch-experimentelle Untersuchung zum Einfluss von
	hierarchieübergreifenden Markenkombinationen auf die Employer Brand
	Strength},
  year = {2013},
  note = {Online-Ausg.:},
  address = {Wiesbaden},
  isbn = {978-3-658-02040-8},
  keywords = { ; Economics / Marketing},
  location = { / },
  pages = {XXIII, 277 S.},
  publisher = {Imprint: Springer Gabler},
  series = {Innovatives Markenmanagement ; 44},
  url = {http://scans.hebis.de/HEBCGI/show.pl?32101485_aub.htmlhttp://dx.doi.org/10.1007/978-3-658-02041-5}
}

@BOOK{ross2003,
  title = {Principles of the Business Rule Approach},
  publisher = {Arlington},
  year = {2003},
  author = {Ross, R. G.}
}

@BOOK{rucklidge1996,
  title = {Efficient Visual Recognition Using the Hausdorff Distance},
  publisher = {Springer Berlin Heidelberg},
  year = {1996},
  author = {Rucklidge, William},
  edition = {1},
  month = nov,
  isbn = {3540619933}
}

@BOOK{ruiz_ben_e.2003,
  title = {Looking beyond the software boom. Gendered costs and benefits?},
  publisher = {Westdeutscher},
  year = {2003},
  editor = {{Pasero, U.}},
  author = {{Ruiz Ben, E.}},
  address = {Opladen}
}

@BOOK{saake2010,
  title = {Algorithmen und Datenstrukturen: Eine Einführung mit Java},
  publisher = {dpunkt Verlag},
  year = {2010},
  author = {Saake, Gunter and Sattler, Kai-Uwe},
  edition = {4., überarbeitete Auflage},
  month = may,
  isbn = {3898646637},
  shorttitle = {Algorithmen und Datenstrukturen}
}

@BOOK{Schuette2002,
  title = {Hongkong, Macau: Reisen mit Insider-Tipps ; [mit City-Atlas]},
  publisher = {Mairs Geographischer Verl.},
  year = {2002},
  author = {Sch\"{u}tte, Hans-Wilm},
  address = {Ostfildern},
  isbn = {3829701349 9783829701341},
  language = {German},
  shorttitle = {Hongkong, Macau}
}

@BOOK{schacher2006,
  title = {Agile Unternehmen durch Business Rules: Der Business Rules Ansatz},
  publisher = {Springer Berlin Heidelberg},
  year = {2006},
  author = {Schacher, Markus and Grässle, Patrick},
  edition = {1},
  month = jan,
  isbn = {3540256768},
  shorttitle = {Agile Unternehmen durch Business Rules}
}

@BOOK{scheer1998,
  title = {Wirtschaftsinformatik, Studienausgabe},
  publisher = {Springer, Berlin},
  year = {1998},
  author = {Scheer, August-Wilhelm},
  edition = {2nd},
  month = jan,
  isbn = {3540637281}
}

@BOOK{schekkerman2005,
  title = {Trends in Enterprise Architecture 2005},
  year = {2005},
  author = {Schekkerman, Jan},
  journal = {Institute For Enterprise Architecture Developments (IFEAD)}
}

@BOOK{schmidt2001,
  title = {Grundlagen der Aufbauorganisation},
  publisher = {Verlag Dr. Götz Schmidt},
  year = {2001},
  author = {Schmidt, G.},
  address = {Gie{\textbackslash}ssen},
  edition = {4.}
}

@BOOK{schmidt1999,
  title = {Informationsmanagement – Modelle, Methoden, Techniken},
  publisher = {Springer},
  year = {1999},
  author = {Schmidt, G.},
  edition = {2. Auflage}
}

@ARTICLE{Scholz2012,
  author = {Monique Scholz},
  title = {Es hat gedauert, aber immer mehr Firmen erkennen das Potential von
	Serious Games als Lernmittel},
  journal = {H Age},
  year = {2012},
  month = {April},
  owner = {klun},
  timestamp = {2013.01.21}
}

@MISC{Schoenenberg2010,
  author = {Ulrich Schönenberg},
  title = {Prozessexzellenz im HR-Management : Professionelle Prozesse mit dem
	HR-Management Maturity Model},
  year = {2010},
  note = {Online-Ausg.:},
  address = {Berlin, Heidelberg},
  isbn = {978-3-642-13324-4},
  keywords = {Personalpolitik / Prozessmanagement / Qualitätsmanagement ; Economics
	/ Industrial management / Business planning / Personnel management},
  location = { / },
  pages = {... S.},
  publisher = {Springer Berlin Heidelberg},
  url = {http://dx.doi.org/10.1007/978-3-642-13325-1}
}

@BOOK{Schreyoegg2010,
  title = {Grundlagen des Managements: Basiswissen für Studium und Praxis},
  publisher = {Gabler},
  year = {2010},
  author = {Schreyögg, Georg and Koch, Jochen},
  address = {Wiesbaden},
  isbn = {9783834915894 3834915890},
  language = {German},
  shorttitle = {Grundlagen des Managements}
}

@BOOK{Schuhmacher2009,
  title = {Employer Branding Human Resources Management für die Unternehmensführung},
  publisher = {Gabler},
  year = {2009},
  author = {Schuhmacher, Florian and Geschwill, Roland},
  address = {Wiesbaden},
  isbn = {9783834981660 3834981664 9783834911292 3834911291},
  language = {German}
}

@BOOK{schwarze2005,
  title = {{IT-Outsourcing} – Erfahrungen, Status und zükunftige Herausforderungen.
	In: Strahringer, Susanne, Outsourcing, {HMD} Praxis der Wirtschaftsinformatik
	No. 245},
  publisher = {Dpunkt},
  year = {2005},
  author = {Schwarze, L. and Müller, P.},
  address = {Heidelberg}
}

@BOOK{schwarzer2010,
  title = {Wirtschaftsinformatik: Grundlagen betrieblicher Informationssysteme},
  publisher = {Schäffer-Poeschel},
  year = {2010},
  author = {Schwarzer, Bettina and Krcmar, Helmut},
  edition = {4., überarbeitete Auflage.},
  month = apr,
  isbn = {3791028952},
  shorttitle = {Wirtschaftsinformatik}
}

@BOOK{seeger2006,
  title = {Schülerhilfe Abitur-Box Mathematik - Prüfungs- und Basiswissen der
	Oberstufe},
  publisher = {Tandem-Verlag},
  year = {2006},
  author = {Seeger, Hartmut},
  edition = {2009},
  isbn = {3833103582}
}

@TECHREPORT{Senger2010,
  author = {Senger, Joachim},
  title = {Serious Games -- Märkte. Produzenten. Trends.},
  institution = {exozet berlin gmbh},
  year = {2010},
  address = {Berlin},
  month = {September},
  owner = {klun},
  timestamp = {2013.01.21}
}

@BOOK{sobbing2006,
  title = {Handbuch {IT-Outsourcing:} Recht, Strategie, Prozesse, {IT}, Steuern
	samt Business Process Outsourcing},
  publisher = {{C.F.} Müller},
  year = {2006},
  author = {Söbbing, Thomas and Funk, Axel and Fritzemeyer, Wolfgang and Heinbuch,
	Holger and Neuhaus, Sandra and Niedermeier, Robert and Schrey, Joachim},
  edition = {3., völlig neu bearbeitete Auflage 2006},
  month = may,
  isbn = {3811433202},
  shorttitle = {Handbuch {IT-Outsourcing}}
}

@ARTICLE{Sogorski2012,
  author = {Sogorski, Lara},
  title = {Firmen entdecken ernsthafte Spiele als Lernmittel},
  journal = {Welt},
  year = {2012},
  month = {April},
  owner = {klun},
  timestamp = {2013.01.21}
}

@BOOK{sowa1992,
  title = {Extending and formalizing the framework for information systems architecture},
  year = {1992},
  author = {Sowa, John F. and Zachman, John A.},
  pages = {590-616},
  month = {April},
  journal = {IBM Systems Journal VOL 31, No 3}
}

@BOOK{stahlknecht2004,
  title = {Einführung in die Wirtschaftsinformatik},
  publisher = {Springer Berlin Heidelberg},
  year = {2004},
  author = {Stahlknecht, Peter and Hasenkamp, Ulrich},
  edition = {11., vollst. überarb. Aufl.},
  month = sep,
  isbn = {3540011838}
}

@BOOK{steinmuller2008,
  title = {Bildanalyse: Von der Bildverarbeitung zur räumlichen Interpretation
	von Bildern},
  publisher = {Springer Berlin Heidelberg},
  year = {2008},
  author = {Steinmüller, Johannes},
  edition = {1},
  month = aug,
  isbn = {3540797424},
  shorttitle = {Bildanalyse}
}

@BOOK{Stelzer2012,
  title = {Spielerisch zum Traumberuf},
  year = {2012},
  author = {Désirée Stelzner},
  month = {August},
  journal = {Weser Kurier},
  urldate = {2013-01-09}
}

@BOOK{Stotz2013,
  title = {Employer Branding : mit Strategie zum bevorzugten Arbeitgeber},
  publisher = {Oldenbourg},
  year = {2013},
  author = {Stotz, Waldemar},
  pages = {XV, 211 S.},
  address = {München},
  edition = {2. überarb. und erw. Aufl.},
  isbn = {978-3-486-73583-3 ; 3-486-73583-7},
  keywords = {Personalmarketing / Führungskraft / Nachwuchs},
  location = {Bibliothek der Fachhochschule Mainz, Standort Campus / Freihand [Signatur:
	B 616/43 A]; Bibliothek der Fachhochschule Mainz, Standort Campus
	/ Freihand [Signatur: B 616/43 C];},
  url = {http://d-nb.info/1031787623/04 ; http://deposit.d-nb.de/cgi-bin/dokserv?id=4263810&prov=M&dok_var=1&dok_ext=htm}
}

@BOOK{strahringer2005,
  title = {{Outsourcing,HMD} 245 -Praxis der Wirtschaftsinformatik},
  publisher = {Dpunkt},
  year = {2005},
  author = {Strahringer, S.},
  number = {10},
  address = {Heidelberg}
}

@MISC{Stritzke2010,
  author = {Christoph Stritzke},
  title = {Marktorientiertes Personalmanagement durch Employer Branding : Theoretisch-konzeptioneller
	Zugang und empirische Evidenz},
  year = {2010},
  note = {Online-Ausg.:},
  address = {Wiesbaden},
  isbn = {978-3-8349-1908-3},
  keywords = {Personalmarketing / Markenpolitik ; Economics / Personnel management},
  location = { / },
  pages = {... S.},
  publisher = {Gabler},
  url = {http://scans.hebis.de/HEBCGI/show.pl?22574176_aub.htmlhttp://dx.doi.org/10.1007/978-3-8349-6040-5}
}

@BOOK{tiemeyer2007,
  title = {{IT-Strategien} entwickeln, {IT-Architekturen} planen {–IT} als Wertschöpfungsfaktor},
  publisher = {Rauscher},
  year = {2007},
  author = {Tiemeyer, E.},
  address = {Haag i. {OB.}}
}

@BOOK{tonnies2005,
  title = {Grundlagen der Bildverarbeitung},
  publisher = {Pearson Studium},
  year = {2005},
  author = {Tönnies, Klaus D.},
  edition = {1},
  month = apr,
  isbn = {3827371554}
}

@BOOK{Trost2009,
  title = {Employer branding},
  publisher = {Luchterhand in Wolters Kluwer Deutschland},
  year = {2009},
  author = {Trost, Armin},
  address = {Köln},
  isbn = {9783472074854 {347207485X}},
  language = {German}
}

@BOOK{voss2000,
  title = {Informationsmanagement},
  publisher = {Springer},
  year = {2000},
  author = {Voss, S. and Gutenschwanger, K.}
}

@BOOK{vossen2008,
  title = {Datenmodelle, Datenbanksprachen und Datenbankmanagementsysteme},
  publisher = {Oldenbourg Wissenschaftsverlag},
  year = {2008},
  author = {Vossen, Gottfried},
  edition = {überarbeitete und erweiterte Auflage},
  month = mar,
  isbn = {3486275747}
}

@BOOK{weber2008,
  title = {Abi Mathematik. Duden {SMS.} 11. Klasse bis Abitur},
  publisher = {Bibliographisches Institut, Mannheim},
  year = {2008},
  author = {Weber, Karlheinz},
  edition = {1},
  month = sep,
  isbn = {3411703164}
}

@CONFERENCE{Weidner2012,
  author = {Christoph K. Weidner},
  title = {Serious Gaming im Rekrutierungsprozess. Einsatzmöglichkeiten, Chancen
	und Erfolgsfaktoren},
  booktitle = {Kompetenzgruppe E-Recruiting Blog Archive Karriere-Websites und Serious
	Gaming – Pflichtprogramm und Kür im Recruiting 2.0},
  year = {2012},
  month = {March},
  urldate = {2013-01-09}
}

@BOOK{Wheeler2010,
  title = {Serious Recruiting Games: 6 Tips for Using Games and Simulations
	for Recruiting Success},
  year = {2010},
  author = {Kevin Wheeler},
  month = {December},
  journal = {ere.net},
  urldate = {2013-01-09}
}

@BOOK{wieczorrek2010,
  title = {Management von {IT-Projekten:} Von der Planung zur Realisierung},
  publisher = {Springer Berlin Heidelberg},
  year = {2010},
  author = {Wieczorrek, Hans W. and Mertens, Peter},
  edition = {4. überarb. und erw. Aufl.},
  month = nov,
  isbn = {{364216126X}},
  shorttitle = {Management von {IT-Projekten}}
}

@BOOK{willemer2002,
  title = {Wie werde ich {UNIX-Guru?:} Einführung in {UNIX}, Linux und Co},
  publisher = {Galileo Computing},
  year = {2002},
  author = {Willemer, Arnold},
  edition = {1},
  month = oct,
  isbn = {3898422402},
  shorttitle = {Wie werde ich {UNIX-Guru?}}
}

@BOOK{winner2009,
  title = {Handbuch Fahrerassistenzsysteme Grundlagen, Komponenten und Systeme
	für aktive Sicherheit und Komfort},
  publisher = {{Vieweg+Teubner} Verlag},
  year = {2009},
  author = {Winner, Hermann and Hakuli, Stephan and Wolf, Gabriele},
  edition = {2009},
  month = jul,
  isbn = {3834802875}
}

@PHDTHESIS{Wittke2001,
  author = {Wittke-Kothe, Cornelia},
  title = {Interne Markenführung: Verankerung der Markenidentität im Mitarbeiterverhalten},
  school = {Dt. Univ.-Verl.},
  year = {2001},
  address = {Wiesbaden},
  language = {German},
  shorttitle = {Interne Markenführung}
}

@BOOK{wunderlich2006,
  title = {Java Rules Engines. Entwicklung von regelbasierten Systemen},
  publisher = {{Entwickler.Press}},
  year = {2006},
  author = {Wunderlich, Lars},
  edition = {1},
  month = apr,
  isbn = {3935042752}
}

@BOOK{zachman1987,
  title = {A framework for information systems architecture},
  year = {1987},
  author = {Zachman, John F.},
  pages = {276-292},
  journal = {IBM Systems Journal VOL 26, No 3}
}

@BOOK{zarnekow2004,
  title = {Informationsmanagement},
  publisher = {Dpunkt},
  year = {2004},
  author = {Zarnekow, R. and Brenner, W. and Grohmann, H.}
}

@PHDTHESIS{zunk2011,
  author = {Tobias Zunk},
  title = {Konzeption, Implementierung und Evaluation eines Serious Games zur
	Absatzförderung im Online-Marketing},
  school = {Technische Universität Darmstadt},
  year = {2011},
  type = {Diplomarbeit},
  address = {Darmstadt},
  month = {July}
}

@BOOK{Beck2012,
  title = {Personalmarketing 2.0 : vom Employer Branding zum Recruiting},
  publisher = {Luchterhand},
  year = {2012},
  editor = {Beck, Christoph [Hrsg.]},
  pages = {358 S.},
  series = {Personalwirtschaft},
  address = {Köln},
  edition = {2., neu bearb. und erw. Aufl.},
  note = {Literaturangaben},
  isbn = {978-3-472-08342-9},
  keywords = {Personalmarketing / Personalbeschaffung / Personalauswahl},
  location = {Bibliothek der Fachhochschule Mainz, Standort Campus / Freihand [Signatur:
	B 616/31 E]; Bibliothek der Fachhochschule Mainz, Standort Campus
	/ Freihand [Signatur: B 616/31 A];},
  url = {http://d-nb.info/1020606185/04}
}

@MISC{Hermes2005,
  title = {Outsourcing},
  year = {2005},
  note = {Literaturverz. S. 395 - 401Online-Ausg.:},
  address = {Freiburg [Breisgau] [u.a.]},
  editor = {Hermes, Heinz-Josef [Hrsg.]},
  institution = {Deloitte \& Touche GmbH Wirtschaftsprüfungsgesellschaft München},
  isbn = {978-3-448-06560-2},
  keywords = {Unternehmen / Outsourcing / Vorlage},
  location = { / },
  pages = {408 S.},
  publisher = {Haufe-Mediengruppe},
  series = {Chancen und Risiken, Erfolgsfaktoren, rechtssichere Umsetzung},
  url = {http://www.wiso-net.de/r%5Febook/webcgi?START=A60&DOKV%5FDB=HAUF&DOKV%5FNO=9783448065602409&DOKV%5FHS=0&PP=1}
}

@ELECTRONIC{IfM2013,
  year = {2013},
  title = {KMU-Definition des IfM Bonn},
  organization = {Institut für Mittelstandsforschung},
  address = {Bonn},
  url = {{http://www.ifm-bonn.org/mittelstandsdefinition/definition-kmu-des-ifm-bonn}},
  institution = {Institut für Mittelstandsforschung},
  type = {Definition}
}

@ELECTRONIC{arch_draw,
  month = {April},
  year = {2012},
  url = {http://www.cbhomes.co.uk/File/ArchitectDrawings.php}
}

@ELECTRONIC{arch_plan,
  month = {April},
  year = {2012},
  url = {http://hendricksarch.com/index.php/blog/page/3/}
}

@ELECTRONIC{bubble_chart,
  month = {April},
  year = {2012},
  url = {http://gartendesign-muenchen.blogspot.de/}
}

@ELECTRONIC{building,
  month = {April},
  year = {2012},
  url = {http://www.pieper-architektur.de/projekte/projekte2.html}
}

@ELECTRONIC{con_plan,
  month = {April},
  year = {2012},
  url = {http://www.welt-der-sauna.de/privat/beratung-planung.html}
}

@PROCEEDINGS{IKT2012,
  title = {IKT-Strategie des Bundes 2012-2015},
  year = {2012},
  number = {608.001.d},
  address = {Bern (CH)},
  publisher = {Informatiksteuerorgan des Bundes ISB},
  organization = {Bundesamt für Bauten und Logistik BBL}
}

@ELECTRONIC{shop_plan,
  month = {April},
  year = {2012},
  url = {http://www.welt-der-sauna.de/privat/beratung-planung.html}
}

@PERIODICAL{BuVerb2011,
  title = {Unternehmen setzen bei Personalsuche auf das Web 2.0},
  year = {2011},
  organization = {Bundesverband Informationswirtschaft, Telekommunikation und neue
	Medien e.V.},
  month = {January}
}


@phdthesis{Wittke2001,
	address = {Wiesbaden},
	title = {Interne Markenführung: Verankerung der Markenidentität im Mitarbeiterverhalten},
	shorttitle = {Interne Markenführung},
	language = {German},
	school = {Dt. Univ.-Verl.},
	author = {Wittke-Kothe, Cornelia},
	year = {2001}
},

@book{Dahlhaus2009,
	address = {Wiesbaden},
	title = {Investitions-Controlling in dezentralen Unternehmen Anreizsysteme als Instrument zur Verhaltenssteuerung im Investitionsprozess},
	isbn = {9783834917164 3834917168 9783834994615  3834994618},
	language = {German},
	publisher = {Gabler Verlag / {GWV} Fachverlage {GmbH}, Wiesbaden},
	author = {Dahlhaus, Caterina},
	year = {2009}
},

@book{Schuhmacher2009,
	address = {Wiesbaden},
	title = {Employer Branding Human Resources Management für die Unternehmensführung},
	isbn = {9783834981660  3834981664  9783834911292 3834911291},
	language = {German},
	publisher = {Gabler},
	author = {Schuhmacher, Florian and Geschwill, Roland},
	year = {2009}
},

@book{Buckesfeld2012,
	address = {Hamburg},
	title = {Employer Branding Strategie für die Steigerung der Arbeitgeberattraktivität in {KMU}},
	isbn = {9783842873971 3842873972},
	language = {German},
	publisher = {Diplomica-Verl.},
	author = {Buckesfeld, Yvonne},
	year = {2012}
},

@book{Trost2009,
	address = {Köln},
	title = {Employer branding},
	isbn = {9783472074854 {347207485X}},
	language = {German},
	publisher = {Luchterhand in Wolters Kluwer Deutschland},
	author = {Trost, Armin},
	year = {2009}
},

@book{Loffing2010,
	address = {Berlin},
	title = {Mitarbeiterbindung ist lernbar: Praxiswissen für Führungskräfte in Gesundheitsfachberufen},
	isbn = {9783642051241  3642051243},
	shorttitle = {Mitarbeiterbindung ist lernbar},
	language = {German},
	publisher = {Springer Berlin},
	author = {Loffing, Dina},
	year = {2010}
},

@book{Pepels2001,
	address = {München; Wien},
	title = {Einführung in das Distributionsmanagement},
	isbn = {3486257366 9783486257366},
	language = {German},
	publisher = {Oldenbourg},
	author = {Pepels, Werner},
	year = {2001}
},

@book{Hoppen2007,
	address = {München},
	title = {Berücksichtigung von nichtmonetären Anreizen in verschiedenen Motivationstheorien},
	isbn = {9783638641982 3638641988},
	language = {German},
	urldate = {2013-08-30},
	publisher = {{GRIN} Verlag {GmbH}},
	author = {Hoppen, Boris},
	year = {2007}
},

@book{Schreyoegg2010,
	address = {Wiesbaden},
	title = {Grundlagen des Managements: Basiswissen für Studium und Praxis},
	isbn = {9783834915894 3834915890},
	shorttitle = {Grundlagen des Managements},
	language = {German},
	publisher = {Gabler},
	author = {Schreyögg, Georg and Koch, Jochen},
	year = {2010}
},

@book{Haitzer2011,
	address = {Neubeuern},
	title = {Bewerbermagnet 365 inspirierende Ideen, wie ihr Unternehmen Top-Bewerber magnetisch anzieht},
	isbn = {9783863080006 3863080009},
	language = {German},
	publisher = {Quergeist},
	author = {Haitzer, Axel},
	year = {2011}
},

@book{Beck2008,
	address = {Köln},
	title = {Personalmarketing 2.0: vom employer branding zur recruiting},
	isbn = {9783472071976 3472071974},
	shorttitle = {Personalmarketing 2.0},
	language = {German},
	publisher = {Luchterhand},
	author = {Beck, Christoph},
	year = {2008}
},

@book{DGfP2012,
	address = {Bielefeld},
	title = {Employer Branding: die Arbeitgebermarke gestalten und im Personalmarketing umsetzen.},
	isbn = {9783763938698 3763938699 9783763938704 3763938702},
	shorttitle = {Employer Branding},
	language = {German},
	publisher = {Bertelsmann},
	author = {{Deutsche Gesellschaft für Personalführung}},
	year = {2012}
},

@book{Rohrlack2012,
	address = {München; Mering},
	title = {Personalbeschaffung - kompakt!},
	isbn = {9783866188068 3866188064 9783866189065 3866189060},
	language = {German},
	publisher = {Hampp},
	author = {Rohrlack, Kirsten},
	year = {2012}
},

@book{Jung2011,
	address = {München},
	title = {Personalwirtschaft},
	isbn = {9783486596656 3486596659},
	language = {German},
	publisher = {Oldenbourg},
	author = {Jung, Hans},
	year = {2011}
},

@book{Knapp2010,
	address = {Berlin},
	title = {Rekrutierungsmanagement: erfolgreiche Mitarbeitergewinnung für Unternehmen},
	isbn = {9783503120949 3503120947},
	shorttitle = {Rekrutierungsmanagement},
	language = {German},
	publisher = {Erich Schmidt},
	author = {Knapp, Eckhard},
	year = {2010}
}